@article{panayides_2020_ai,
  author = {Panayides, Andreas S and Amini, Amir and Filipovic, Nenad D and Sharma, Ashish and Tsaftaris, Sotirios A and Young, Alistair and Foran, David and Do, Nhan and Golemati, Spyretta and Kurc, Tahsin and Huang, Kun and S, Nikita Konstantina and Veasey, Ben P and Zervakis, Michalis and Saltz, Joel H and Pattichis, Constantinos S},
  number = {7},
  pages = {1837-1857},
  title = {AI in medical imaging informatics: Current challenges and future directions},
  doi = {10.1109/JBHI.2020.2991043},
  volume = {24},
  year = {2020},
  journal = {IEEE Journal of Biomedical and Health Informatics}
}

@article{tang_2019_the,
  author = {Tang, Xiaoli},
  month = {11},
  number = {1},
  pages = {20190031},
  title = {The role of artificial intelligence in medical imaging research},
  doi = {10.1259/bjro.20190031},
  url = {https://doi.org/10.1259/bjro.20190031},
  volume = {2},
  year = {2019},
  journal = {BJR|Open}
}

@article{obuchowicz_2024_clinical,
  author = {Obuchowicz, Rafał and Strzelecki, Michał and Piórkowski, Adam},
  number = {10},
  title = {Clinical applications of artificial intelligence in medical imaging and image Processing—A review},
  doi = {10.3390/cancers16101870},
  url = {https://www.mdpi.com/2072-6694/16/10/1870},
  volume = {16},
  year = {2024},
  journal = {Cancers}
}

@article{oyeniyi_2024_emerging,
  author = {Oyeniyi, Johnson and Oluwaseyi, Paul},
  month = {03},
  pages = {2319-7463},
  title = {Emerging trends in AI-Powered medical imaging: Enhancing diagnostic accuracy and treatment decisions},
  doi = {10.55948/IJERSTE.2024.0412},
  volume = {13},
  year = {2024},
  journal = {International Journal of Enhanced Research In Science Technology & Engineering}
}

@article{borys_2023_explainable,
  author = {Borys, Katarzyna and Schmitt, Yasmin Alyssa and Nauta, Meike and Seifert, Christin and Krämer, Nicole and Friedrich, Christoph M and Nensa, Felix},
  pages = {110787},
  title = {Explainable AI in medical imaging: An overview for clinical practitioners – Saliency-based XAI approaches},
  doi = {https://doi.org/10.1016/j.ejrad.2023.110787},
  url = {https://www.sciencedirect.com/science/article/pii/S0720048X23001018},
  volume = {162},
  year = {2023},
  journal = {European Journal of Radiology}
}

@article{tejani_2024_checklist,
  author = {Tejani, Ali S and Klontzas, Michail E and Gatti, Anthony A and Mongan, John T and Moy, Linda and Park, Seong Ho and Kahn, Charles E},
  number = {4},
  pages = {e240300},
  title = {Checklist for artificial intelligence in medical imaging (CLAIM): 2024 update},
  doi = {10.1148/ryai.240300},
  url = {https://doi.org/10.1148/ryai.240300},
  volume = {6},
  year = {2024},
  journal = {Radiology: Artificial Intelligence}
}

@article{burakkoak_2024_bias,
  author = {Burak Koçak and Ponsiglione, Andrea and Stanzione, Arnaldo and Bluethgen, Christian and João Santinha and Ugga, Lorenzo and Huisman, Merel and Klontzas, Michail E and Cannella, Roberto and Cuocolo, Renato},
  month = {07},
  title = {Bias in artificial intelligence for medical imaging: fundamentals, detection, avoidance, mitigation, challenges, ethics, and prospects},
  doi = {10.4274/dir.2024.242854},
  volume = {31},
  year = {2024},
  journal = {Diagnostic and Interventional Radiology}
}

@article{yang_2024_the,
  author = {Yang, Yuzhe and Zhang, Haoran and Gichoya, Judy W. and Katabi, Dina and Ghassemi, Marzyeh},
  month = {06},
  pages = {1–11},
  title = {The limits of fair medical imaging AI in real-world generalization},
  doi = {10.1038/s41591-024-03113-4},
  url = {https://www.nature.com/articles/s41591-024-03113-4},
  volume = {30},
  year = {2024},
  journal = {Nature Medicine}
}

@article{zheng_2023_overview,
  author = {Zheng, Dan and He, Xiujing and Jing, Jing},
  number = {2},
  title = {Overview of artificial intelligence in breast cancer medical imaging},
  doi = {10.3390/jcm12020419},
  url = {https://www.mdpi.com/2077-0383/12/2/419},
  volume = {12},
  year = {2023},
  journal = {Journal of Clinical Medicine}
}

@article{paulo_2024_advancements,
  author = {Paulo, Bragança Clerimar and Torres, José Manuel and Macedo, Luciano Oliveira and Soares,, },
  number = {5},
  title = {Advancements in glaucoma diagnosis: The role of AI in medical imaging},
  doi = {10.3390/diagnostics14050530},
  url = {https://www.mdpi.com/2075-4418/14/5/530},
  volume = {14},
  year = {2024},
  journal = {Diagnostics}
}

@article{hua_2024_understanding,
  author = {Hua, David and Petrina, Neysa and Young, Noel and Cho, Jin-Gun and Poon, Simon K},
  pages = {102698},
  title = {Understanding the factors influencing acceptability of AI in medical imaging domains among healthcare professionals: A scoping review},
  doi = {https://doi.org/10.1016/j.artmed.2023.102698},
  url = {https://www.sciencedirect.com/science/article/pii/S0933365723002129},
  volume = {147},
  year = {2024},
  journal = {Artificial Intelligence in Medicine}
}

@article{ziller_2024_reconciling,
  author = {Ziller, Alexander and Mueller, Tamara T and Stieger, Simon and Feiner, Leonhard F and Brandt, Johannes and Braren, Rickmer and Rueckert, Daniel and Georgios Kaissis},
  month = {06},
  publisher = {Nature Portfolio},
  title = {Reconciling privacy and accuracy in AI for medical imaging},
  doi = {10.1038/s42256-024-00858-y},
  url = {https://www.nature.com/articles/s42256-024-00858-y},
  volume = {6},
  year = {2024},
  journal = {Nature Machine Intelligence}
}

@article{zakaria_2024_advancements,
  author = {Zakaria,  and Ashraf,  and Qasem,  and Abunasser, Bassem S and Barhoom, Alaa M and Abu-Naser, Samy S},
  number = {8},
  pages = {8–15},
  title = {Advancements in ai for medical imaging: Transforming diagnosis and treatment},
  volume = {8},
  year = {2024},
  journal = {International Journal of Academic Engineering Research(Ijaer)}
}

@article{panahi_2025_aienhanced,
  author = {Panahi, Omid},
  month = {03},
  pages = {1-5},
  title = {Ai-enhanced case reports: Integrating medical imaging for diagnostic insights},
  volume = {8},
  year = {2025},
  journal = {Journal of Case Reports and Medical Images}
}

@article{rao_2025_multimodal,
  author = {Rao, Vishwanatha M and Hla, Michael and Moor, Michael and Adithan, Subathra and Kwak, Stephen and Topol, Eric J and Rajpurkar, Pranav},
  month = {03},
  pages = {888-896},
  publisher = {Springer Science and Business Media LLC},
  title = {Multimodal generative AI for medical image interpretation},
  doi = {10.1038/s41586-025-08675-y},
  url = {https://www.nature.com/articles/s41586-025-08675-y},
  volume = {639},
  year = {2025},
  journal = {Nature}
}

@article{li_2024_role,
  author = {Li, Xin and Zhang, Lei and Yang, Jingsi and Teng, Fei},
  month = {04},
  publisher = {Springer Science+Business Media},
  title = {Role of artificial intelligence in medical image analysis: A review of current trends and future directions},
  doi = {10.1007/s40846-024-00863-x},
  volume = {44},
  year = {2024},
  journal = {Journal of medical and biological engineering}
}

@article{emma_2024_towards,
  author = {Emma, Stanley, and Souza, Raissa and Winder, Anthony J and Gulve, Vedant and Amador, Kimberly and Wilms, Matthias and Forkert, Nils D},
  month = {06},
  number = {11},
  pages = {2613-2621},
  title = {Towards objective and systematic evaluation of bias in artificial intelligence for medical imaging},
  doi = {10.1093/jamia/ocae165},
  url = {https://doi.org/10.1093/jamia/ocae165},
  volume = {31},
  year = {2024},
  journal = {Journal of the American Medical Informatics Association}
}

@article{yang_2024_the,
  author = {Yang, Yuzhe and Zhang, Haoran and Gichoya, Judy W and Katabi, Dina and Ghassemi, Marzyeh},
  month = {06},
  pages = {1–11},
  title = {The limits of fair medical imaging AI in real-world generalization},
  doi = {10.1038/s41591-024-03113-4},
  url = {https://www.nature.com/articles/s41591-024-03113-4},
  volume = {30},
  year = {2024},
  journal = {Nature Medicine}
}

@article{samala_2024_ai,
  author = {Samala, Ravi K and Drukker, Karen and Shukla-Dave, Amita and Chan, Heang-Ping and Sahiner, Berkman and Petrick, Nicholas and Greenspan, Hayit and Mahmood, Usman and Summers, Ronald M and Tourassi, Georgia and Deserno, Thomas M and Regge, Daniele and Näppi, Janne J and Yoshida, Hiroyuki and Huo, Zhimin and Chen, Quan and Vergara, Daniel and Cha, Kenny H and Mazurchuk, Richard and Grizzard, Kevin T and Huisman, Henkjan and Morra, Lia and Suzuki, Kenji and III, Samuel G and Hadjiiski, Lubomir},
  month = {04},
  number = {1},
  pages = {ubae006},
  title = {AI and machine learning in medical imaging: key points from development to translation},
  doi = {10.1093/bjrai/ubae006},
  url = {https://doi.org/10.1093/bjrai/ubae006},
  volume = {1},
  year = {2024},
  journal = {BJR|Artificial Intelligence}
}

@article{kollias_2024_domain,
  author = {Kollias, Dimitrios and Arsenos, Anastasios and Kollias, Stefanos},
  pages = {4907-4914},
  title = {Domain adaptation, explainability & fairness in AI for medical image analysis: Diagnosis of COVID-19 based on 3-D chest CT-scans},
  doi = {10.1109/CVPRW63382.2024.00495},
  year = {2024},
  journal = {2022 IEEE/CVF Conference on Computer Vision and Pattern Recognition Workshops (CVPRW)}

}

@article{mcnamara_2024_the,
  author = {McNamara, Stephanie L and Yi, Paul H and Lotter, William},
  month = {03},
  publisher = {Nature Portfolio},
  title = {The clinician-AI interface: intended use and explainability in FDA-cleared AI devices for medical image interpretation},
  doi = {10.1038/s41746-024-01080-1},
  volume = {7},
  year = {2024},
  journal = {npj digital medicine}
}

@article{nikolaosstogiannos_2024_black,
  author = {Nikolaos Stogiannos and Litosseliti, Lia and O'Regan, Tracy and Scurr, Erica and Barnes, Anna and Kumar, Amrita and Malik, Rizwan and Pogose, Michael and Harvey, Hugh and McEntee, Mark F and Malamateniou, Christina},
  pages = {105423},
  title = {Black box no more: A cross-sectional multi-disciplinary survey for exploring governance and guiding adoption of AI in medical imaging and radiotherapy in the UK},
  doi = {https://doi.org/10.1016/j.ijmedinf.2024.105423},
  url = {https://www.sciencedirect.com/science/article/pii/S1386505624000868},
  volume = {186},
  year = {2024},
  journal = {International Journal of Medical Informatics}
}

@article{teng_2024_a,
  author = {Teng, Zixuan and Li, Lan and Xin, Ziqing and Xiang, Dehui and Huang, Jiang and Zhou, Hailing and Shi, Fei and Zhu, Weifang and Cai, Jing and Peng, Tao and Chen, Xinjian},
  month = {12},
  pages = {9620-9652},
  title = {A literature review of artificial intelligence (AI) for medical image segmentation: from AI and explainable AI to trustworthy AI},
  doi = {10.21037/qims-24-723},
  volume = {14},
  year = {2024},
  journal = {Quantitative Imaging in Medicine and Surgery}
}

@misc{hou_2024_selfexplainable,
  author = {Hou, Junlin and Liu, Sicen and Bie, Yequan and Wang, Hongmei and Tan, Andong and Luo, Luyang and Chen, Hao},
  title = {Self-explainable AI for medical image analysis: A survey and new outlooks},
  url = {https://arxiv.org/abs/2410.02331},
  year = {2024}
}

@article{raghavan_2024_explainable,
  author = {Raghavan, Kaushik and Balasubramanian, Sivaselvan and Veezhinathan, Kamakoti},
  number = {3},
  pages = {e12660},
  title = {Explainable artificial intelligence for medical imaging: Review and experiments with infrared breast images},
  doi = {https://doi.org/10.1111/coin.12660},
  url = {https://onlinelibrary.wiley.com/doi/abs/10.1111/coin.12660},
  volume = {40},
  year = {2024},
  journal = {Computational Intelligence}
}

@article{comtev_2025_aidriven,
  author = {Comte V and Bertolini L and Hulsman R and Consoli S and Leoni G and Zanca F and X, Rafael and Veronesi G and Dieci E and Piella G and MA, González Ballester and Querci M and Ceresa M and Wiesenthal T},
  number = {KJ-01-25-352-EN-N (online)},
  publisher = {Publications Office of the European Union},
  title = {AI-driven innovation in medical imaging},
  doi = {10.2760/6281523 (online)},
  year = {2025},
  journal = {}
}

@misc{schamisso_2025_new,
  author = {Schamisso, Ben},
  publisher = {Northwestern Now},
  title = {New AI transforms radiology with speed, accuracy never seen before},
  url = {https://news.northwestern.edu/stories/2025/06/new-ai-transforms-radiology-with-speed-accuracy-never-seen-before/},
  year = {2025},
  organization = {Northwestern.edu}
}

@article{huang_2025_efficiency,
  author = {Huang, Jonathan and Wittbrodt, Matthew T and Teague, Caitlin N and Karl, Eric and Galal, Galal and Thompson, Michael and Chapa, Ajay and Chiu, Ming-Lun and Herynk, Bradley and Linchangco, Richard and Serhal, Ali and Alex, Heller J and Abboud, Samir F and Etemadi, Mozziyar},
  month = {06},
  pages = {e2513921},
  publisher = {American Medical Association (AMA)},
  title = {Efficiency and quality of generative AI–Assisted radiograph reporting},
  doi = {10.1001/jamanetworkopen.2025.13921},
  url = {https://jamanetwork.com/journals/jamanetworkopen/fullarticle/2834943},
  volume = {8},
  year = {2025},
  journal = {JAMA Network Open}
}

@misc{center_2025_artificial,
  author = {Center, },
  title = {Artificial intelligence in software},
  url = {https://www.fda.gov/medical-devices/software-medical-device-samd/artificial-intelligence-software-medical-device},
  year = {2025},
  organization = {U.S. Food and Drug Administration}
}

@article{leeuwen_2021_how,
  author = {Leeuwen, van and de Rooij, Maarten and Schalekamp, Steven and Ginneken, van and Rutten,, },
  month = {06},
  title = {How does artificial intelligence in radiology improve efficiency and health outcomes?},
  doi = {10.1007/s00247-021-05114-8},
  url = {https://link.springer.com/article/10.1007/s00247-021-05114-8},
  volume = {52},
  year = {2021},
  journal = {Pediatric Radiology}
}

@article{khalifa_2024_ai,
  author = {Khalifa, Mohamed and Albadawy, Mona},
  pages = {100146},
  title = {AI in diagnostic imaging: Revolutionising accuracy and efficiency},
  doi = {https://doi.org/10.1016/j.cmpbup.2024.100146},
  url = {https://www.sciencedirect.com/science/article/pii/S2666990024000132},
  volume = {5},
  year = {2024},
  journal = {Computer Methods and Programs in Biomedicine Update}
}

@article{biswas_2024_a,
  author = {Biswas, Al Amin},
  pages = {100345},
  title = {A comprehensive review of explainable AI for disease diagnosis},
  doi = {https://doi.org/10.1016/j.array.2024.100345},
  url = {https://www.sciencedirect.com/science/article/pii/S2590005624000110},
  volume = {22},
  year = {2024},
  journal = {Array}
}

@article{collins_2024_tripodai,
  author = {Collins, Gary S and Moons,,  and Dhiman, Paula and Riley, Richard D and Beam, Andrew L and Calster, Ben Van and Ghassemi, Marzyeh and Liu, Xiaoxuan and Reitsma, Johannes B and Maarten van Smeden and Anne-Laure Boulesteix and Camaradou, Jennifer Catherine and Celi, Leo Anthony and Spiros Denaxas and Denniston, Alastair K and Glocker, Ben and Golub, Robert M and Harvey, Hugh and Heinze, Georg and Hoffman, Michael M and André Pascal Kengne and Lam, Emily and Lee, Naomi and Loder, Elizabeth W and Maier-Hein, Lena and Mateen, Bilal A and McCradden, Melissa D and Oakden-Rayner, Lauren and Johan Ordish and Parnell, Richard and Rose, Sherri and Singh, Karandeep and Wynants, Laure and Logullo, Patricia},
  month = {04},
  pages = {e078378-e078378},
  title = {TRIPOD+AI statement: updated guidance for reporting clinical prediction models that use regression or machine learning methods},
  doi = {10.1136/bmj-2023-078378},
  volume = {385},
  year = {2024},
  journal = {BMJ}
}

@article{collins_2021_protocol,
  author = {Collins, Gary S and Dhiman, Paula and Navarro,, Andaur and Ma, Jie and Hooft, Lotty and Reitsma, Johannes B and Logullo, Patricia and Beam, Andrew L and Peng, Lily and Calster, Van and Smeden, van and Riley, Richard D and Moons, Karel GM},
  number = {7},
  publisher = {British Medical Journal Publishing Group},
  title = {Protocol for development of a reporting guideline (TRIPOD-AI) and risk of bias tool (PROBAST-AI) for diagnostic and prognostic prediction model studies based on artificial intelligence},
  doi = {10.1136/bmjopen-2020-048008},
  url = {https://bmjopen.bmj.com/content/11/7/e048008},
  volume = {11},
  year = {2021},
  journal = {BMJ Open}
}

@article{leonardhawkhead_2025_ai,
  author = {Leonard-Hawkhead, Benedict and Higgins, Bethany E and Wright, David and Augusto Azuara-Blanco},
  month = {02},
  publisher = {Springer Nature},
  title = {AI for glaucoma, Are we reporting well? a systematic literature review of DECIDE-AI checklist adherence},
  doi = {10.1038/s41433-025-03678-5},
  url = {https://www.nature.com/articles/s41433-025-03678-5},
  volume = {39},
  year = {2025},
  journal = {Eye}
}

@article{vasey_2023_decideai,
  author = {Vasey, B and Novak, A and Ather, S and Ibrahim, M and McCulloch, P},
  number = {2},
  pages = {130-136},
  title = {DECIDE-AI: a new reporting guideline and its relevance to artificial intelligence studies in radiology},
  doi = {https://doi.org/10.1016/j.crad.2022.09.131},
  url = {https://www.sciencedirect.com/science/article/pii/S0009926022007048},
  volume = {78},
  year = {2023},
  journal = {Clinical Radiology}
}

@article{vasey_2022_reporting,
  author = {Vasey, Baptiste and Nagendran, Myura and Campbell, Bruce and Clifton, David A and Collins, Gary S and Denaxas, Spiros and Denniston, Alastair K and Faes, Livia and Geerts, Bart and Ibrahim, Mudathir and Liu, Xiaoxuan and Mateen, Bilal A and Mathur, Piyush and McCradden, Melissa D and Morgan, Lauren and Ordish, Johan and Rogers, Campbell and Saria, Suchi and , Daniel and Watkinson, Peter and Weber, Wim and Wheatstone, Peter and McCulloch, Peter},
  month = {05},
  pages = {e070904},
  title = {Reporting guideline for the early stage clinical evaluation of decision support systems driven by artificial intelligence: DECIDE-AI},
  doi = {10.1136/bmj-2022-070904},
  volume = {377},
  year = {2022},
  journal = {BMJ}
}

@misc{wu_2023_trustworthy,
  author = {Wu, Caesar and Li, Yuan-Fang and Li, Jian and Xu, Jingjing and Pascal, Bouvry},
  title = {Trustworthy AI: Deciding what to decide},
  url = {https://arxiv.org/abs/2311.12604},
  year = {2023}
}

@article{kolbinger_2024_reporting,
  author = {Kolbinger, Fiona R and Veldhuizen, Gregory P and Zhu, Jiefu and Truhn, Daniel and Kather, Jakob Nikolas},
  month = {04},
  pages = {71},
  title = {Reporting guidelines in medical artificial intelligence: a systematic review and meta-analysis},
  doi = {10.1038/s43856-024-00492-0},
  url = {https://www.ncbi.nlm.nih.gov/pmc/articles/PMC11009315/},
  volume = {4},
  year = {2024},
  journal = {Communications Medicine}
}

@article{lekadir_2025_futureai,
  author = {Lekadir, Karim and Frangi, Alejandro F and Porras, Antonio R and Glocker, Ben and Cintas, Celia and Langlotz, Curtis P and Weicken, Eva and Asselbergs, Folkert W and Prior, Fred and Collins, Gary S and Kaissis, Georgios and Tsakou, Gianna and Buvat, Irène and Kalpathy-Cramer, Jayashree and Mongan, John and Schnabel, Julia A and Kushibar, Kaisar and Riklund, Katrine and Marias, Kostas and Amugongo, Lameck M and Fromont, Lauren A and Maier-Hein, Lena and Cerdá-Alberich, Leonor and Martí-Bonmatí, Luis and Jorge, Cardoso M and Bobowicz, Maciej and Shabani, Mahsa and Tsiknakis, Manolis and Zuluaga, Maria A and Fritzsche, Marie-Christine and Camacho, Marina and George, Linguraru Marius and Wenzel, Markus and De Bruijne, Marleen and Tolsgaard, Martin G and Goisauf, Melanie and Cano Abadía, Mónica and Papanikolaou, Nikolaos and Lazrak, Noussair and Pujol, Oriol and Osuala, Richard and Napel, Sandy and Colantonio, Sara and Joshi, Smriti and Klein, Stefan and Aussó, Susanna and Rogers, Wendy A and Salahuddin, Zohaib and Starmans, Martijn P A},
  month = {02},
  pages = {e081554},
  publisher = {BMJ},
  title = {FUTURE-AI: international consensus guideline for trustworthy and deployable artificial intelligence in healthcare},
  doi = {10.1136/bmj-2024-081554},
  volume = {388},
  year = {2025},
  journal = {BMJ}
}

@article{falkschwendicke_2021_artificial,
  author = {Falk Schwendicke and Singh, Tarry and Lee, Jae-Hong and Gaudin, Robert and Akhilanand Chaurasia and Wiegand, Thomas and Uribe, Sergio and Krois, Joachim},
  pages = {103610},
  title = {Artificial intelligence in dental research: Checklist for authors, reviewers, readers},
  doi = {https://doi.org/10.1016/j.jdent.2021.103610},
  url = {https://www.sciencedirect.com/science/article/pii/S0300571221000312},
  volume = {107},
  year = {2021},
  journal = {Journal of Dentistry}
}

@article{haller_2022_the,
  author = {Haller, Sven and Cauter, Van and Federau, Christian and Hedderich, Dennis M and Edjlali, Myriam},
  month = {01},
  title = {The R-AI-DIOLOGY checklist: a practical checklist for evaluation of artificial intelligence tools in clinical neuroradiology},
  doi = {10.1007/s00234-021-02890-w},
  urldate = {2022-03},
  volume = {64},
  year = {2022},
  journal = {Neuroradiology}
}

@article{t_2022_artificial,
  author = {T, Jones O and N, Matin R and , van and Prathivadi, Bhayankaram K and Ranmuthu, C. K. I and S, Islam M and Behiyat, D and Boscott, R and Calanzani, N and Emery, J and C, Williams H and M, Walter F},
  month = {06},
  pages = {e466–e476},
  title = {Artificial intelligence and machine learning algorithms for early detection of skin cancer in community and primary care settings: a systematic review},
  doi = {10.1016/S2589-7500(22)00023-1},
  url = {https://www.thelancet.com/journals/landig/article/PIIS2589-7500(22)00023-1/fulltext#seccestitle160},
  volume = {4},
  year = {2022},
  journal = {The Lancet Digital Health}
}

@article{olczak_2021_presenting,
  author = {Olczak, Jakub and Pavlopoulos, John and Prijs, Jasper and , Frank and Doornberg, Job N and Lundström, Claes and Hedlund, Joel and Gordon, Max},
  month = {05},
  pages = {1-13},
  title = {Presenting artificial intelligence, deep learning, and machine learning studies to clinicians and healthcare stakeholders: an introductory reference with a guideline and a Clinical AI Research (CAIR) checklist proposal},
  doi = {10.1080/17453674.2021.1918389},
  volume = {92},
  year = {2021},
  journal = {Acta Orthopaedica}
}

@article{stevens_2020_recommendations,
  author = {Stevens, Laura M and Mortazavi, Bobak J and Deo, Rahul C and Curtis, Lesley and Kao, David P},
  month = {10},
  title = {Recommendations for reporting machine learning analyses in clinical research},
  doi = {10.1161/circoutcomes.120.006556},
  volume = {13},
  year = {2020},
  journal = {Circulation: Cardiovascular Quality and Outcomes}
}

@article{volovici_2022_steps,
  author = {Volovici, Victor and Syn, Nicholas L and Ercole, Ari and Zhao, Joseph J and Liu, Nan},
  month = {10},
  pages = {1996–1999},
  title = {Steps to avoid overuse and misuse of machine learning in clinical research},
  doi = {10.1038/s41591-022-01961-6},
  url = {https://www.nature.com/articles/s41591-022-01961-6},
  urldate = {2022-10},
  volume = {28},
  year = {2022},
  journal = {Nature Medicine}
}

@article{hernandezboussard_2020_minimar,
  author = {Hernandez-Boussard, Tina and Bozkurt, Selen and , John and Shah, Nigam H},
  month = {06},
  title = {MINIMAR (MINimum Information for Medical AI Reporting): Developing reporting standards for artificial intelligence in health care},
  doi = {10.1093/jamia/ocaa088},
  volume = {27},
  year = {2020},
  journal = {Journal of the American Medical Informatics Association}
}

@article{shen_2021_an,
  author = {Shen, Francis X and Silverman, Benjamin and Monette, Patrick and Kimble, Sara and Rauch, Scott L and Baker, Justin T},
  month = {06},
  title = {An ethics checklist for digital health research in psychiatry (preprint)},
  doi = {10.2196/31146},
  volume = {24},
  year = {2021},
  journal = {Journal of Medical Internet Research}
}

@article{sengupta_2020_proposed,
  author = {Sengupta, Partho P and Shrestha, Sirish and Berthon, Beatrice and Messas, Emmanuel and Erwan Donal and Tison, Geoffrey H and Min, James K and D'hooge, Jan and Voigt, Jens-Uwe and Dudley, Joel T and Verjans, Johan W and Khader Shameer and Johnson, Kipp W and Lasse Lovstakken and Mahdi Tabassian and Piccirilli, Marco and Pernot, Mathieu and Naveena Yanamala and Duchateau, Nicolas and Nobuyuki Kagiyama and Bernard, Olivier and Slomka, Piotr J and Deo, Rahul C and Arnaout, Rima},
  month = {09},
  pages = {2017-2035},
  publisher = {Elsevier BV},
  title = {Proposed requirements for cardiovascular imaging-related machine learning evaluation (PRIME): A checklist},
  doi = {10.1016/j.jcmg.2020.07.015},
  urldate = {2023-04},
  volume = {13},
  year = {2020},
  journal = {Jacc-cardiovascular Imaging}
}

@article{norgeot_2020_minimum,
  author = {Norgeot, Beau and Quer, Giorgio and Beaulieu-Jones, Brett K and Torkamani, Ali and Dias, Raquel and Gianfrancesco, Milena and Arnaout, Rima and Kohane, Isaac S and Saria, Suchi and Topol, Eric and Obermeyer, Ziad and Yu, Bin and Butte, Atul J},
  month = {09},
  pages = {1320-1324},
  title = {Minimum information about clinical artificial intelligence modeling: the MI-CLAIM checklist},
  doi = {10.1038/s41591-020-1041-y},
  volume = {26},
  year = {2020},
  journal = {Nature Medicine}
}

@article{walsh_2021_dome,
  author = {Walsh, Ian and Fishman, Dmytro and Garcia-Gasulla, Dario and Titma, Tiina and Pollastri, Gianluca and Harrow, Jennifer and Psomopoulos, Fotis E and Silvio, Tosatto},
  month = {10},
  pages = {1122–1127},
  title = {DOME: recommendations for supervised machine learning validation in biology},
  doi = {10.1038/s41592-021-01205-4},
  url = {https://www.nature.com/articles/s41592-021-01205-4},
  volume = {18},
  year = {2021},
  journal = {Nature Methods}
}

@article{burakkoak_2023_checklist,
  author = {Burak Koçak and Baeßler, Bettina and Bakas, Spyridon and Cuocolo, Renato and Fedorov, Andriy and Maier-Hein, Lena and Mercaldo, Nathaniel D and Henning Müller and Orlhac, Fanny and Pinto, Daniel and Stanzione, Arnaldo and Ugga, Lorenzo and Zwanenburg, Alex},
  month = {05},
  publisher = {Springer Nature},
  title = {CheckList for EvaluAtion of Radiomics research (CLEAR): a step-by-step reporting guideline for authors and reviewers endorsed by ESR and EuSoMII},
  doi = {10.1186/s13244-023-01415-8},
  urldate = {2023-10},
  volume = {14},
  year = {2023},
  journal = {Insights into Imaging}
}

@article{daneshjou_2022_checklist,
  author = {Daneshjou, Roxana and Barata, Catarina and Betz-Stablein, Brigid and Emre, Celebi M and Codella, Noel and Combalia, Marc and Guitera, Pascale and Gutman, David and Halpern, Allan and Helba, Brian and Kittler, Harald and Kose, Kivanc and Liopyris, Konstantinos and Malvehy, Josep and Seog, Han Seung and Peter, Soyer H and Tkaczyk, Eric R and Tschandl, Philipp and Rotemberg, Veronica},
  month = {01},
  pages = {90},
  title = {Checklist for evaluation of image-based artificial intelligence reports in dermatology},
  doi = {10.1001/jamadermatol.2021.4915},
  urldate = {2022-09},
  volume = {158},
  year = {2022},
  journal = {JAMA Dermatology}
}

@article{rivera_2020_guidelines,
  author = {Rivera, Cruz and Liu, Xiaoxuan and Chan, An-Wen and Denniston, Alastair K and Calvert, Melanie J},
  month = {09},
  pages = {1351-1363},
  title = {Guidelines for clinical trial protocols for interventions involving artificial intelligence: the SPIRIT-AI extension},
  doi = {10.1038/s41591-020-1037-7},
  urldate = {2020-09},
  volume = {26},
  year = {2020},
  journal = {Nature Medicine}
}

@article{liu_2020_reporting,
  author = {Liu, Xiaoxuan and Rivera, Cruz and Moher, David and Calvert, Melanie J and Denniston, Alastair K and Ashrafian, Hutan and Beam, Andrew L and Chan, An-Wen and Collins, Gary S and DarziJonathan, Ara and Khair, ElZarrad M and Espinoza, Cyrus and Esteva, Andre and Faes, Livia and , Lavinia and Fletcher, John and Golub, Robert and Harvey, Hugh and Haug, Charlotte and Holmes, Christopher and Jonas, Adrian and Keane, Pearse A and Kelly, Christopher J and Lee, Aaron Y and Lee, Cecilia S and Manna, Elaine and Matcham, James and McCradden, Melissa and Monteiro, Joao and Mulrow, Cynthia and Oakden-Rayner, Luke and Paltoo, Dina and Panico, Maria Beatrice and Price, Gary and Rowley, Samuel and Savage, Richard and Sarkar, Rupa and Vollmer, Sebastian J and Yau, Christopher},
  month = {10},
  pages = {e537–e548},
  title = {Reporting guidelines for clinical trial reports for interventions involving artificial intelligence: the CONSORT-AI extension},
  doi = {10.1016/S2589-7500(20)30218-1},
  url = {https://www.sciencedirect.com/science/article/pii/S2589750020302181},
  volume = {2},
  year = {2020},
  journal = {The Lancet Digital Health}
}

@article{s_2015_transparent,
  author = {S, Collins G and B, Reitsma J and G, Altman D and Moons,, },
  month = {01},
  pages = {g7594-g7594},
  title = {Transparent reporting of a multivariable prediction model for individual prognosis or diagnosis (TRIPOD): the TRIPOD statement},
  doi = {10.1136/bmj.g7594},
  volume = {350},
  year = {2015},
  journal = {BMJ}
}

@article{luo_2016_guidelines,
  author = {Luo, Wei and Phung, Dinh and Tran, Truyen and Gupta, Sunil and Rana, Santu and Karmakar, Chandan and Shilton, Alistair and Yearwood, John and Dimitrova, Nevenka and Ho, Tu Bao and Venkatesh, Svetha and Berk, Michael},
  month = {12},
  pages = {e323},
  title = {Guidelines for developing and reporting machine learning predictive models in biomedical research: A multidisciplinary view},
  doi = {10.2196/jmir.5870},
  volume = {18},
  year = {2016},
  journal = {Journal of Medical Internet Research}
}

@article{mongan_2020_checklist,
  author = {Mongan, John and Moy, Linda and Kahn, Charles E},
  month = {03},
  pages = {e200029},
  title = {Checklist for artificial intelligence in medical imaging (CLAIM): A guide for authors and reviewers},
  doi = {10.1148/ryai.2020200029},
  volume = {2},
  year = {2020},
  journal = {Radiology: Artificial Intelligence}
}

@article{belue_2023_the,
  author = {Belue, Mason J and Harmon, Stephanie A and Lay, Nathan S and Daryanani, Asha and Phelps, Tim E and Choyke, Peter L and Turkbey, Baris},
  month = {02},
  pages = {134–145},
  title = {The low rate of adherence to checklist for artificial intelligence in medical imaging criteria among published prostate MRI artificial intelligence algorithms},
  doi = {10.1016/j.jacr.2022.05.022},
  url = {https://www.sciencedirect.com/science/article/pii/S1546144022005270},
  urldate = {2023-05},
  volume = {20},
  year = {2023},
  journal = {Journal of the American College of Radiology}
}

@article{burakkoak_2025_adherence,
  author = {Burak Koçak and Fadime Köse and Keleş, Ali and Abdurrezzak Şendur and İsmail Meşe and Mehmet Karagülle},
  month = {02},
  title = {Adherence to the Checklist for Artificial Intelligence in Medical Imaging (CLAIM): an umbrella review with a comprehensive two-level analysis},
  doi = {10.4274/dir.2025.243182},
  url = {https://www.dirjournal.org/articles/adherence-to-the-checklist-for-artificial-intelligence-in-medical-imaging-claim-an-umbrella-review-with-a-comprehensive-two-level-analysis/doi/dir.2025.243182},
  urldate = {2025-05},
  year = {2025},
  journal = {Diagnostic and Interventional Radiology}
}

@article{bernard_2018_deep,
  author = {Bernard, Olivier and Lalande, Alain and Zotti, Clement and Cervenansky, Frederick and Yang, Xin and Heng, Pheng-Ann and Cetin, Irem and Lekadir, Karim and Camara, Oscar and Angel, Miguel and Sanroma, Gerard and Napel, Sandy and Petersen, Steffen and Tziritas, Georgios and Grinias, Elias and Khened, Mahendra and Alex, Kollerathu Varghese and Krishnamurthi, Ganapathy and Rohé, Marc-Michel and Pennec, Xavier and Sermesant, Maxime and Isensee, Fabian and Jäger, Paul and Maier-Hein, Klaus H and Full, Peter M and Wolf, Ivo and Engelhardt, Sandy and Baumgartner, Christian F and Koch, Lisa M and Wolterink, Jelmer M and Išgum, Ivana and Jang, Yeonggul and Hong, Yoonmi and Patravali, Jay and Jain, Shubham and Humbert, Olivier and Jodoin, Pierre-Marc},
  number = {11},
  pages = {2514-2525},
  title = {Deep learning techniques for automatic MRI cardiac multi-structures segmentation and diagnosis: Is the problem solved?},
  doi = {10.1109/TMI.2018.2837502},
  volume = {37},
  year = {2018},
  journal = {IEEE Transactions on Medical Imaging}
}